# Bibliographie

@misc{ref1,
	title={Rust book first edition},
	howpublished = "\url{https://doc.rust-lang.org/book/first-edition}"
}

@misc{ref2,
	title={Rust book second edition},
	howpublished = "\url{https://doc.rust-lang.org/book/second-edition}"
}

@misc{ref3,
	title={Cargo book},
	howpublished = "\url{https://doc.rust-lang.org/cargo}"
}

@misc{ref4,
	title={Struct Target},
	howpublished = "\url{https://doc.rust-lang.org/1.1.0/rustc_back/target/struct.Target.html}"
}

@misc{ref5,
	title={Target i386 example},
	howpublished = "\url{https://github.com/rust-lang/rust/issues/33497}"
}

@misc{ref6,
	title={\_\_floatundisf issue},
	howpublished="\url{https://users.rust-lang.org/t/kernel-modules-made-from-rust/9191}"
}

@misc{ref7,
	title={Custom target path issue},
	howpublished="\url{https://github.com/rust-lang/cargo/issues/4905}"
}

@misc{ref8,
	title={Writing an OS in Rust},
	howpublished="\url{https://os.phil-opp.com}"
}

@misc{ref9,
	title={Linker scripts (OSDev)},
	howpublished="\url{https://wiki.osdev.org/Linker_Scripts}"
}

@misc{ref10,
	title={Linker scripts (scoberlin)},
	howpublished="\url{http://www.scoberlin.de/content/media/http/informatik/gcc_docs/ld_3.html}"
}

@misc{ref11,
	title={Linker scripts (math.utah.edu)},
	howpublished="\url{https://www.math.utah.edu/docs/info/ld_3.html}"
}

@misc{ref12,
	title={Multiboot specifications},
	howpublished="\url{https://www.gnu.org/software/grub/manual/multiboot/multiboot.html}"
}

@misc{ref13,
	title={Memory Map (x86)},
	howpublished="\url{https://wiki.osdev.org/Memory_Map_(x86)}"
}

@misc{ref14,
	title={GDT},
	howpublished="\url{https://wiki.osdev.org/GDT}"
}

@misc{ref15,
	author={Jean Gareau},
	title={Advanced Embedded x86 Programming: Paging},
	year={1998},
	month={june}
}

@misc{ref16,
	author={David Decotigny et Thomas Petazzoni},
	title={Mise en place de la pagination},
	howpublished="\url{http://sos.enix.org/wiki-fr/upload/SOSDownload/sos-texte-art4.pdf}"
}

@misc{ref17,
	author={David Decotigny et Thomas Petazzoni},
	title={Segmentation et interruptions},
	howpublished="\url{http://sos.enix.org/wiki-fr/upload/SOSDownload/sos-texte-art2.pdf}"
}

@misc{ref18,
	title={Segmentation},
	howpublished="\url{https://wiki.osdev.org/Segmentation}"
}

@misc{ref19,
	title={Text UI},
	howpublished="\url{https://wiki.osdev.org/Text_UI}"
}

@misc{ref21,
	title={Page Translation},
	howpublished="\url{https://pdos.csail.mit.edu/6.828/2011/readings/i386/s05_02.htm}"
}

@misc{ref22,
	title={8259 PIC},
	howpublished="\url{https://wiki.osdev.org/8259_PIC}"
}

@misc{ref23,
	title={CRT Controller Registers},
	howpublished="\url{https://web.stanford.edu/class/cs140/projects/pintos/specs/freevga/vga/crtcreg.htm}"
}

@misc{ref24,
	title={ATA PIO Mode},
	howpublished="\url{https://wiki.osdev.org/ATA_PIO_Mode}"
}

@misc{ref25,
	title={rustc - Linux Man Pages},
	howpublished="\url{https://www.systutorials.com/docs/linux/man/1-rustc/}"
}

@misc{ref26,
	title={Why is a Rust executable large?},
	howpublished="\url{https://lifthrasiir.github.io/rustlog/why-is-a-rust-executable-large.html}"
}

@misc{ref27,
	title={Langage de programmation Rust},
	howpublished="\url{https://www.rust-lang.org/fr-FR/index.html}"
}

@misc{ref28,
	title={The Rust compiler 0.1 is unleashed},
	howpublished="\url{https://mail.mozilla.org/pipermail/rust-dev/2012-January/001256.html}"
}

@misc{ref29,
	title={Struct TargetOptions},
	howpublished="\url{https://doc.rust-lang.org/1.1.0/rustc_back/target/struct.TargetOptions.html}"
}

@misc{ref30,
	title={Rust VS C benchmark},
	howpublished="\url{https://benchmarksgame-team.pages.debian.net/benchmarksgame/faster/rust.html}"
}

@misc{ref31,
	title={Redox OS},
	howpublished="\url{https://www.redox-os.org}"
}

@misc{ref42,
	author={Florent Glück},
	title={Programmation Système Avancée},
	year={2017}
}

@misc{ref64,
	author={Intel},
	title={IA-32 Intel Architecture - Software Developer's Manual - Volume 1: System Programming Guide},
	year={2016},
    howpublished="\url{https://www.intel.com/content/dam/www/public/us/en/documents/manuals/64-ia-32-architectures-software-developer-vol-1-manual.pdf}"
}

@misc{ref66,
	author={Intel},
	title={IA-32 Intel Architecture - Software Developer's Manual - Volume 3: System Programming Guide},
	year={2003},
    howpublished="\url{http://flint.cs.yale.edu/cs422/doc/24547212.pdf}"
}